<?xml version="1.0" encoding="UTF-8"?>
<record xmlns="http://www.loc.gov/MARC21/slim">
   <leader>01546cam a2200325 a 4500</leader>
   <controlfield tag="001">131689</controlfield>
   <controlfield tag="003">NjP</controlfield>
   <controlfield tag="005">20190705135615.0</controlfield>
   <controlfield tag="008">830104s1947    ua a         z100 0 ara d</controlfield>
   <datafield tag="024" ind1="7" ind2=" ">
      <subfield code="a">princeton_aco004060</subfield>
      <subfield code="2">local</subfield>
   </datafield>
   <datafield ind1=" " ind2=" " tag="040">
      <subfield code="a">NjP</subfield>
      <subfield code="c">PUL</subfield>
      <subfield code="d">PUL</subfield>
   </datafield>
   <datafield ind1=" " ind2=" " tag="035">
      <subfield code="a">(CStRLIN)NJPG83-B198</subfield>
   </datafield>
   <datafield ind1=" " ind2=" " tag="035">
      <subfield code="9">AAU6453TS</subfield>
   </datafield>
   <datafield ind1=" " ind2=" " tag="035">
      <subfield code="a">(NjP)131689</subfield>
   </datafield>
   <datafield ind1=" " ind2=" " tag="043">
      <subfield code="a">f-ua---</subfield>
   </datafield>
   <datafield ind1=" " ind2=" " tag="049">
      <subfield code="a">PULL</subfield>
   </datafield>
   <datafield ind1=" " ind2=" " tag="035">
      <subfield code="a">(OCoLC)ocm82167817</subfield>
   </datafield>
   <datafield ind1="0" ind2="0" tag="245">
      <subfield code="6">880-01</subfield>
      <subfield code="a">Miṣr /</subfield>
      <subfield code="c">al-Ittiḥād al-barlamānī al-dawlī ;al-Muʼtamar al-ʻāmm al-sādis wa-al-thalāthūn, al-Qāhirah 7-13 Abrīl sanah 1947.</subfield>
   </datafield>
   <datafield ind1=" " ind2=" " tag="260">
      <subfield code="a">[Cairo :</subfield>
      <subfield code="b">s.n.],</subfield>
      <subfield code="c">1947.</subfield>
   </datafield>
   <datafield ind1=" " ind2=" " tag="300">
      <subfield code="a">149 p., [40] p. of plates :</subfield>
      <subfield code="b">ill. ;</subfield>
      <subfield code="c">25 cm.</subfield>
   </datafield>
   <datafield ind1=" " ind2="0" tag="651">
      <subfield code="a">Egypt</subfield>
      <subfield code="x">History</subfield>
      <subfield code="y">1919-1952.</subfield>
      <subfield code="0">http://id.loc.gov/authorities/subjects/sh85041307</subfield>
   </datafield>
   <datafield ind1=" " ind2="0" tag="651">
      <subfield code="a">Egypt</subfield>
      <subfield code="x">Politics and government</subfield>
      <subfield code="y">1919-1952.</subfield>
      <subfield code="0">http://id.loc.gov/authorities/subjects/sh85041323</subfield>
   </datafield>
   <datafield ind1=" " ind2="0" tag="651">
      <subfield code="a">Egypt</subfield>
      <subfield code="x">Intellectual life.</subfield>
      <subfield code="0">http://id.loc.gov/authorities/subjects/sh2008114912</subfield>
   </datafield>
   <datafield ind1="2" ind2=" " tag="710">
      <subfield code="6">880-02</subfield>
      <subfield code="a">Ittiḥād al-barlamānī al-dawlī (Egypt).</subfield>
      <subfield code="b">Muʼtamar</subfield>
      <subfield code="n">(36th :</subfield>
      <subfield code="d">1947 :</subfield>
      <subfield code="c">Cairo, Egypt)</subfield>
   </datafield>
   <datafield ind1="0" ind2="0" tag="880">
      <subfield code="6">245-01/r</subfield>
      <subfield code="a">مصر /</subfield>
      <subfield code="c">الاتحاد البرلماني الدولي ؛لمؤتمر العام السادس والثلاثون، القاهرة 7-13 ابريل سنة 1947.</subfield>
   </datafield>
   <datafield ind1="2" ind2=" " tag="880">
      <subfield code="6">710-02/r</subfield>
      <subfield code="a">اتحاد البرلماني الدولي (مصر).</subfield>
      <subfield code="b">مؤتمر</subfield>
      <subfield code="n">(36ث :</subfield>
      <subfield code="d">1947 :</subfield>
      <subfield code="c">ر، مصر)</subfield>
   </datafield>
   <datafield ind1=" " ind2=" " tag="998">
      <subfield code="a">01/07/83</subfield>
      <subfield code="s">9114</subfield>
      <subfield code="n">NjP</subfield>
      <subfield code="w">NJPG83B198</subfield>
      <subfield code="d">01/04/83</subfield>
      <subfield code="c">SSH</subfield>
      <subfield code="b">EP</subfield>
      <subfield code="i">830107</subfield>
      <subfield code="l">NJPG</subfield>
   </datafield>
   <datafield ind1=" " ind2=" " tag="911">
      <subfield code="a">19921028</subfield>
   </datafield>
   <datafield ind1=" " ind2=" " tag="912">
      <subfield code="a">19900821000000.0</subfield>
   </datafield>
   <datafield ind1=" " ind2=" " tag="994">
      <subfield code="a">C0</subfield>
      <subfield code="b">PUL</subfield>
   </datafield>
   <datafield ind1=" " ind2=" " tag="999">
      <subfield code="a">131689</subfield>
   </datafield>
   <datafield ind1=" " ind2=" " tag="979">
      <subfield code="a">(OCoLC)ocn175547585</subfield>
   </datafield>
   <datafield ind1="0" ind2="0" tag="852">
      <subfield code="0">146645</subfield>
      <subfield code="b">rcppa</subfield>
      <subfield code="t">1</subfield>
      <subfield code="h">DT107.82</subfield>
      <subfield code="i">.M48 1947</subfield>
      <subfield code="x">tr fr anxafst</subfield>
   </datafield>
   <datafield ind1=" " ind2=" " tag="959">
      <subfield code="a">2009-03-20 16:22:09 -0400</subfield>
   </datafield>
</record>
